<?xml version="1.0" encoding="UTF-8"?><collection xmlns="http://www.loc.gov/MARC21/slim"><record><leader>00559nam--2200181-i-4500</leader><controlfield tag="001">000000083</controlfield><controlfield tag="002">20161230</controlfield><controlfield tag="005">20161230201023</controlfield><controlfield tag="008">060222s1000------------r-----000-0-fre-d</controlfield><datafield ind1=" " ind2=" " tag="040"><subfield code="a">IFIN-HH</subfield></datafield><datafield ind1=" " ind2=" " tag="041"><subfield code="a">fre</subfield></datafield><datafield ind1=" " ind2=" " tag="080"><subfield code="a">539.124.6.134(043)</subfield></datafield><datafield ind1="1" ind2=" " tag="100"><subfield code="a">Ghedira, Mohamed Lotfi</subfield></datafield><datafield ind1="1" ind2="0" tag="245"><subfield code="a">Etiquetage des photons d`annihilation de positrons a l`accelerateur lineaire de saclay le voie he3 b</subfield><subfield code="b">These</subfield><subfield code="c">Mohamed lotfi ghedira</subfield></datafield><datafield ind1=" " ind2=" " tag="260"><subfield code="a">Orsay</subfield><subfield code="b">Universite De Paris</subfield><subfield code="c">1980</subfield></datafield><datafield ind1=" " ind2=" " tag="300"><subfield code="a">VII + 149 P</subfield></datafield><datafield ind1=" " ind2=" " tag="852"><subfield code="a">49671</subfield><subfield code="c">539.12</subfield></datafield><datafield ind1=" " ind2=" " tag="CAT"><subfield code="a">Sys</subfield><subfield code="c">20111208</subfield><subfield code="h">124555</subfield></datafield></record></collection>